@article{nurse2015investigating,
  title={Investigating the leakage of sensitive personal and organisational information in email headers},
  author={Nurse, Jason RC and Erola, Arnau and Goldsmith, Michael and Creese, Sadie},
  journal={Journal of Internet Services and Information Security (JISIS)},
  volume={5},
  number={1},
  pages={70--84},
  year={2015}
}

@inproceedings{joshi2013extracting,
  title={Extracting cybersecurity related linked data from text},
  author={Joshi, Akanksha and Lal, Ravendar and Finin, Tim},
  booktitle={Semantic Computing (ICSC), 2013 IEEE Seventh International Conference on},
  pages={252--259},
  year={2013},
  organization={IEEE}
}

@MISC{Al-zarouni_tracinge-mail,
    author = {Marwan Al-zarouni},
    title = {Tracing E-mail Headers},
    year = {2004}
}

@techreport{RFC0822,
  author = {D. Crocker},
  title = {STANDARD FOR THE FORMAT OF ARPA INTERNET TEXT MESSAGES},
  howpublished = {Internet Requests for Comments},
  type = {STD},
  number = {11},
  year = {1982},
  month = {August},
  issn = {2070-1721},
  publisher = {RFC Editor},
  institution = {RFC Editor},
}

@misc{templeton, title={Reaction to the DEC Spam of 1978}, url={http://www.templetons.com/brad/spamreact.html}, journal={Reaction to the DEC Spam of 1978}, author={Templeton, Brad}}

@article{felix1987system,
  title={System security: a hacker's perspective},
  author={Felix, Jerry and Hauck, Chris},
  journal={Interex Proceedings},
  volume={1},
  pages={6--6},
  year={1987}
}

@misc{php_group_gutmans_lerdorf_suraski_boerger, title={PHP: Character classes - Manual}, url={https://secure.php.net/manual/en/regexp.reference.character-classes.php}, author={PHP Group and Gutmans, Andi and Lerdorf, Rasmus and Suraski, Zeev and Boerger, Marcus}}
